@article{perakovic2015analysis,
  title={Analysis of the IoT impact on volume of DDoS attacks},
  author={Perakovi{\'c}, Dragan and Peri{\v{s}}a, Marko and Cviti{\'c}, Ivan},
  journal={XXXIII Simpozijum o novim tehnologijama u po{\v{s}}tanskom i telekomunikacionom saobra{\'c}aju--PosTel},
  volume={2015},
  pages={295--304},
  year={2015}
}
@article{yue2019see,
  title={See no evil, hear no evil? Dissecting the impact of online hacker forums},
  author={Yue, Wei T and Wang, Qiu-Hong and Hui, Kai-Lung},
  journal={Mis Quarterly},
  volume={43},
  number={1},
  pages={73},
  year={2019},
  publisher={University of Minnesota, Management Information Systems Research Center}
}
@techreport{measuringCaaS,
  title = "Measuring Cybercrime as a Service (CaaS) Offerings in a Cybercrime Forum",
  author = "Akyazi, U. and van Eeten, M. J. G. and Hernandez Ganan, C.",
  institution = "Delft University of Technology",
  year = 2021,
  note = "Paper presented at Workshop on the Economics of Information Security."
}
@techreport{booters,
  title = "An exploration of cybercriminal discussions of IoT-based DDoS services",
  author = "Sifer Aseph and Ethan Friedman and Maxwell Aliapoulios and Rasika Bhalerao and Tobias Lauinger and Damon McCoy",
  institution = "New York University",
  address = "New York, NY, USA",
  number = "FA8750-19-2-0009",
  year = 2021
}
@article{trendMicroConclusions,
  title={The internet of things in the cybercrime underground},
  author={Hilt, Stephen and Kropotov, Vladimir and Merc{\^e}s, Fernando and Rosario, Mayra and Sancho, David},
  journal={Trend Micro Research},
  year={2019},
  Pages = {44--44}
}
@article{trendMicroHackForums,
  title={The internet of things in the cybercrime underground},
  author={Hilt, Stephen and Kropotov, Vladimir and Merc{\^e}s, Fernando and Rosario, Mayra and Sancho, David},
  journal={Trend Micro Research},
  year={2019},
  Pages = {27--27}
}
@misc{crimeBB,
  author={Sergio Pastrana, Daniel R. Thomas, Alice Hutchings and Richard Clayton},
  note={Sergio Pastrana, Daniel R. Thomas, Alice Hutchings, and Richard Clayton. 2018. CrimeBB: Enabling Cybercrime Research on Underground Forums at Scale. In Proceedings of The Web Conference 2018 (WWW 2018), Lyon, France. ACM, New York, NY, USA, 10 pages.},
  url={https://doi.org/10.1145/3178876.3186178}
}
@misc{cockburn,
  author={Cockburn, Alistair},
  note={Dr. Alistair Cockburn},
  url={https://alistair.cockburn.us/}
}
@book{growingoos,
  author={Freeman, Steve and Pryce, Nat},
  title={Growing Object-Oriented Software Guided by Tests},
  year={2009},
  publisher={Addison Wesley},
  address={London},
  isbn={978-0321503626}
}
@misc{unclebob,
  author={Martin, Robert C.},
  note={Robert C. Martin (Uncle Bob). The Clean Architecture},
  url={https://blog.cleancoder.com/uncle-bob/2012/08/13/the-clean-architecture.html}
}
@misc{dataframe,
  author={McKinney, Wes},
  note={From Python pandas library. Dataframe is Two-dimensional, size-mutable, potentially heterogeneous tabular data.},
  url={https://pandas.pydata.org/docs/reference/api/pandas.DataFrame.html}
}
@misc{CountVectorizer,
  author={Cournapeau, David},
  note={CountVectorizer, from Python scikit-learn library.},
  url={https://scikit-learn.org/stable/modules/generated/sklearn.feature_extraction.text.CountVectorizer.html}
}
@misc{TfidfTransformer,
  author={Cournapeau, David},
  note={TfidfTransformer, from Python scikit-learn library.},
  url={https://scikit-learn.org/stable/modules/generated/sklearn.feature_extraction.text.TfidfTransformer.html}
}
@misc{hsu2003practical,
  title={A practical guide to support vector classification},
  author={Hsu, Chih-Wei and Chang, Chih-Chung and Lin, Chih-Jen and others},
  year={2003},
  publisher={Taipei, Taiwan}
}
@incollection{ketkar2017stochastic,
  title={Stochastic gradient descent},
  author={Ketkar, Nikhil},
  booktitle={Deep learning with Python},
  pages={113--132},
  year={2017},
  publisher={Springer}
}
@article{kozma2008k,
  title={k Nearest Neighbors algorithm (kNN)},
  author={Kozma, Laszlo},
  journal={Helsinki University of Technology},
  year={2008}
}
@inproceedings{kibriya2004multinomial,
  title={Multinomial naive bayes for text categorization revisited},
  author={Kibriya, Ashraf M and Frank, Eibe and Pfahringer, Bernhard and Holmes, Geoffrey},
  booktitle={Australasian Joint Conference on Artificial Intelligence},
  pages={488--499},
  year={2004},
  organization={Springer}
}
@article{gonccalves2014roc,
  title={ROC curve estimation: An overview},
  author={Gon{\c{c}}alves, Luzia and Subtil, Ana and Oliveira, M Ros{\'a}rio and Bermudez, P d},
  journal={REVSTAT--Statistical Journal},
  volume={12},
  number={1},
  pages={1--20},
  year={2014}
}


